@inproceedings{ANTS:SteZim04,
  author       = {Damien Stehl{\'{e}} and Paul Zimmermann},
  title        = {A Binary Recursive Gcd Algorithm},
  booktitle    = {Algorithmic Number Theory, 6th International Symposium, ANTS-VI, Burlington, VT, USA, June 13-18, 2004, Proceedings},
  year         = 2004,
  editor       = {Duncan A. Buell},
  volume       = 3076,
  series       = {Lecture Notes in Computer Science},
  pages        = {411-425},
  publisher    = {Springer},
  doi          = {10.1007/978-3-540-24847-7_31},
  url          = {http://dx.doi.org/10.1007/978-3-540-24847-7_31},
}

