@inproceedings{USENIX:HDWH12,
  author       = {Nadia Heninger and Zakir Durumeric and Eric Wustrow and J. Alex Halderman},
  title        = {Mining Your Ps and Qs: Detection of Widespread Weak Keys in Network Devices},
  booktitle    = {Proceedings of the 21th {USENIX} Security Symposium, Bellevue, WA, USA, August 8-10, 2012},
  year         = 2012,
  editor       = {Tadayoshi Kohno},
  pages        = {205-220},
  publisher    = {{USENIX} Association},
}

@inproceedings{ANTS:SteZim04,
  author       = {Damien Stehl{\'{e}} and Paul Zimmermann},
  title        = {A Binary Recursive Gcd Algorithm},
  booktitle    = {Algorithmic Number Theory, 6th International Symposium, ANTS-VI, Burlington, VT, USA, June 13-18, 2004, Proceedings},
  year         = 2004,
  editor       = {Duncan A. Buell},
  volume       = 3076,
  series       = {Lecture Notes in Computer Science},
  pages        = {411-425},
  publisher    = {Springer},
  doi          = {10.1007/978-3-540-24847-7_31},
  url          = {http://dx.doi.org/10.1007/978-3-540-24847-7_31},
}

@misc{APPV15,
  author       = {Martin R. Albrecht and Davide Papini and Kenneth G. Paterson and Ricardo Villanueva-Polanco},
  title        = {Factoring 512-bit RSA Moduli for Fun (and a Profit of \$9,000)},
  url          = {https://martinralbrecht.files.wordpress.com/2015/03/freak-scan1.pdf},
  year         = 2015,
}

@misc{Bernstein04,
  author       = {Dan Bernstein},
  title        = {How to Find Smooth Parts of Integers},
  howpublished = {Available at \url{http://cr.yp.to/papers.html#smoothparts}},
  year         = 2004,
}
