% publishers
@string{CUP="Cambridge University Press"}
@string{SIAM="Society for Industrial and Applied Mathematics"}
@string{ACM="Association for Computing Machinery"}
@string{ELS="Elsevier"}
@string{AMS="American Mathematical Society"}
@string{SPR="Springer"}
@string{IEEE="IEEE"}
@string{DOVER="Dover Publications"}
@string{AW="Addison-Wesley"}
@string{JHUP="Johns Hopkins University Press"}
% series
@string{LNCS="Lecture Notes in Computer Science"}
@string{GTM="Graduate Texts in Mathematics"}
@string{GMW="Grundlehren der mathematischen Wissenschaften"}
% journals
@string{JALG="Journal of Algebra"}%{J. Algebra}
@string{JSYMBCOMP="Journal of Symbolic Computation"}%{J. Symbolic Comput.}
@string{IEEETIT="IEEE Transactions on Information Theory"}
@string{AJM="American Journal of Mathematics"}
@string{MOOR="Mathematics of Operations Research"}%{Math. Oper. Res.},
@string{JACM="Journal of the ACM"}%{J. ACM}
@string{CACM="Communications of the ACM"}%{Commun. ACM}
@string{SIAMJC="SIAM Journal on Computing"}%{SIAM J. Comput.}

@book{Lee2012,
    author={Lee, John M.},
    title={{Introduction to Smooth Manifolds}},
    year={2012},
    edition={2nd},
    series=GTM,
    volume={218},
    publisher=SPR,
    address={New York},
    doi={10.1007/978-1-4419-9982-5},
}

@book{Lee2011,
    author={Lee, John M.},
    title={{Introduction to Topological Manifolds}},
    year={2011},
    edition={2nd},
    series=GTM,
    volume={202},
    publisher=SPR,
    address={New York},
    doi={10.1007/978-1-4419-7940-7},
}

@book{Lee2018,
    author={Lee, John M.},
    title={{Introduction to Riemannian Manifolds}},
    year={2018},
    edition={2nd},
    series=GTM,
    volume={176},
    publisher=SPR,
    address={New York},
    doi={10.1007/978-3-319-91755-9},
}

@book{Hatcher2002,
    author={Hatcher, Allen},
    title={{Algebraic Topology}},
    year={2002},
    publisher=CUP,
    isbn={9780521795401},
    url={https://pi.math.cornell.edu/~hatcher/AT/ATpage.html},
}

@book{DavisKirk2001,
    author={Davis, James F. and Kirk, Paul},
    title={{Lecture Notes in Algebraic Topology}},
    year={2001},
    publisher=AMS,
    isbn={9780821821602},
    url={https://jfdmath.sitehost.iu.edu/teaching/m623/book.pdf},
}

@book{Atiyah1969,
    author={Atiyah, Michael and MacDonald, Ian G.},
    title={{Introduction to Commutative Algebra}},
    year={1969},
    publisher=AW,
}

@book{Dugundji1978,
    author={Dugundji, James},
    title={{Topology}},
    year={1978},
    edition={12th printing},
    publisher={Allyn and Bacon},
    series={Allyn and Bacon Series in Advanced Mathematics},
    isbn={9780697068897},
}

@article{Faugere1999,
    author={Faug{\`e}re, Jean-Charles},
    title={{A new efficient algorithm for computing Gr{\"o}bner bases ($F_4$)}},
    year={1999},
    IGNOREjournal={Journal of Pure and Applied Algebra},
    journal={J. Pure Appl. Algebra},
    volume={139},
    number={1--3},
    pages={61--88},
    publisher=ELS,
    doi={10.1016/s0022-4049(99)00005-5},
}

@inproceedings{Faugere2002,
    author={Faug{\`e}re, Jean-Charles},
    title={{A new efficient algorithm for computing Gr{\"o}bner bases without reduction to zero ($F_5$)}},
    year={2002},
    booktitle={Proceedings of the 2002 International Symposium on Symbolic and Algebraic Computation},
    IGNOREbooktitle={Proc. ISSAC 2002},
    series={ISSAC '02},
    publisher=ACM,
    doi={10.1145/780506.780516},
}

@article{Mora1994,
    author={Mora, Teo},
    title={{An introduction to commutative and noncommutative Gr{\"o}bner bases}},
    year={1994},
    IGNOREjournal={Theoretical Computer Science},
    journal={Theoret. Comput. Sci.},
    volume={134},
    number={1},
    pages={131--173},
    publisher=ELS,
    issn={0304-3975},
    doi={10.1016/0304-3975(94)90283-6},
}

@article{Deutsch85,
    author={Deutsch, David},
    title={{Quantum Theory, the Church-Turing Principle and the Universal Quantum Computer}},
    year={1985},
    journal={Proceedings of the Royal Society of London. Series A, Mathematical and Physical Sciences},
    volume={400},
    number={1818},
    pages={97--117},
}

@article{PolakRieffel2000,
    author={Rieffel, Eleanor G. and Polak, Wolfgang},
    title={{An Introduction to Quantum Computing for Non-Physicists}},
    year={2000},
    journal={ACM Comput. Surv.},
    volume={32},
    number={3},
    pages={300--335},
    publisher=ACM,
    issn={0360-0300},
    doi={10.1145/367701.367709},
}

@book{Mrcun2008,
    author={Mr\v{c}un, Janez},
    title={Topologija},
    year={2008},
    series={Izbrana poglavja iz matematike in ra\v{c}unalni\v{s}tva},
    volume={44},
    publisher={DMFA-zalo\v{z}ni\v{s}tvo},
    address={Ljubljana},
}

@book{Vidav2010,
    author={Vidav, Ivan},
    title={Algebra},
    year={2010},
    series={Matematika -- Fizika, Zbirka univerzitetnih u\v{c}benikov in monografij},
    volume={4},
    publisher={DMFA-zalo\v{z}ni\v{s}tvo},
    address={Ljubljana},
}

@book{Ahlfors1979,
    author={Ahlfors, Lars V.},
    title={{Complex Analysis: An Introduction to The Theory of Analytic Functions of One Complex Variable}},
    year={1979},
    series={International series in pure and applied mathematics},
    publisher={McGraw-Hill Education},
    isbn={9780070006577},
}

@book{Smith2014,
    author={Smith, Justin R.},
    title={{Introduction to Algebraic Geometry}},
    year={2014},
    publisher={Five Dimensions Press},
    isbn={9781503381537},
}

@book{Warner1983,
    author={Warner, Frank W.},
    title={{Foundations of differentiable manifolds and Lie groups}},
    year={1983},
    series=GTM,
    volume={94},
    publisher=SPR,
    isbn={0387908943},
}

@book{Spivak1999Comp,
    author={Spivak, Michael},
    title={{A Comprehensive Introduction to Differential Geometry: Volumes 1--5}},
    year={1999},
    edition={3rd},
    publisher={Publish or Perish},
}

@book{Spivak1965Manifolds,
    author={Spivak, Michael},
    title={{Calculus on Manifolds: A Modern Approach To Classical Theorems Of Advanced Calculus}},
    year={1965},
    publisher=AW,
}

@article{King2014,
    author={King, Simon A.},
    title={{A non-commutative $F5$ algorithm with an application to the computation of Loewy layers}},
    year={2014},
    journal=JSYMBCOMP,
    volume={65},
    pages={111--129},
    publisher=ELS,
    doi={10.1016/j.jsc.2014.01.006},
}

@book{Cox2015,
    author={Cox, David A. and Little, John and O'Shea, Donal},
    title={{Ideals, Varieties, and Algorithms: An Introduction to Computational Algebraic Geometry and Commutative Algebra}},
    year={2015},
    edition={4.},
    series={Undergraduate Texts in Mathematics},
    publisher=SPR,
    doi={10.1007/978-3-319-16721-3},
}

@book{Zygmund2002,
    author={Zygmund, Antoni},
    title={{Trigonometric Series: Volumes I \& II Combined}},
    year={2002},
    edition={3rd},
    series={Cambridge Mathematical Library},
    publisher=CUP,
}

@book{Muscalu2013,
    author={Muscalu, Camil and Schlag, Wilhelm},
    title={{Classical and Multilinear Harmonic Analysis: Volumes I \& II}},
    year={2013},
    series={Cambridge studies in advanced mathematics},
    volume={137 \& 138},
    publisher=CUP,
}

@book{Carothers2000,
    author={Carothers, Neil L.},
    title={{Real Analysis}},
    year={2000},
    publisher=CUP,
}

@book{Kolmogorov1975,
    author={Kolmogorov, Andrey N. and Fomin, Sergei V.},
    IGNOREauthor={Kolmogorov, Andrey Nikolaevich and Fomin, Sergei Vasilyevich},
    title={{Introductory Real Analysis}},
    translator={Silverman, Richard A.},
    year={1975},
    publisher=DOVER,
    address={New York},
}

@book{Kannan1996,
    IGNOREauthor={Kannan, R. and Krueger, Carole King},
    author={Kannan, R. and Krueger, Carole K.},
    title={{Advanced Analysis on the Real Line}},
    year={1996},
    edition={1st},
    series={Universitext},
    publisher=SPR,
    doi={10.1007/978-1-4613-8474-8},
}

@book{Grafakos2014Classical,
    author={Grafakos, Loukas},
    title={{Classical Fourier Analysis}},
    year={2014},
    edition={3rd},
    series=GTM,
    volume={249},
    publisher=SPR,
    doi={10.1007/978-1-4939-1194-3},
}

@book{Grafakos2014Modern,
    author={Grafakos, Loukas},
    title={{Modern Fourier Analysis}},
    year={2014},
    edition={3rd},
    series=GTM,
    volume={250},
    publisher=SPR,
    doi={10.1007/978-1-4939-1230-8},
}

@book{Butzer1971,
    author={Butzer, Paul Leo and Nessel, Rolf J.},
    title={{Fourier Analysis and Approximation: Volume I}},
    year={1971},
    series={Pure and Applied Mathematics},
    volume={40},
    publisher={Academic Press},
}

@book{Bromwich1908,
    author={Bromwich, Thomas John Ianson},
    title={{An Introduction To The Theory Of Infinite Series}},
    year={1908},
    publisher={Macmillan and Co., Limited},
    address={London},
}

@book{Voxman1981,
    author={Voxman, William L. and Goetschel, Jr., Roy H.},
    title={{Advanced Calculus: An Introduction to Modern Analysis}},
    year={1981},
    series={Pure and Applied Mathematics},
    volume={63},
    publisher={CRC Press},
}

@book{Apostol1974,
    author={Apostol, Tom M.},
    title={{Mathematical Analysis}},
    year={1974},
    edition={2nd},
    publisher=AW,
}

@book{Macrobert1954,
    author={MacRobert, Thomas Murray},
    title={{Functions of a Complex Variable}},
    year={1954},
    edition={4th},
    publisher={Macmillan and Co., Limited},
    address={London},
}

@article{Tauber1897,
    author={Tauber, Alfred},
    title={{Ein Satz aus der Theorie der unendlichen Reihen}},
    year={1897},
    journal={Monatshefte f{\"u}r Mathematik und Physik},
    volume={8},
    number={1},
    pages={273--277},
    publisher=SPR,
    doi={10.1007/bf01696278},
}

@inproceedings{Mora1991Sugar,
    author={Giovini, Alessandro and Mora, Teo and Niesi, Gianfranco and Robbiano, Lorenzo and Traverso, Carlo},
    title={{``One Sugar cube, Please'' or Selection Strategies in the Buchberger Algorithm}},
    year={1991},
    booktitle={Proceedings of the 1991 International Symposium on Symbolic and Algebraic Computation},
    series={ISSAC '91},
    pages={49--54},
    publisher=ACM,
    doi={10.1145/120694.120701},
}

@book{Folland1999,
    author={Folland, Gerald B.},
    title={{Real Analysis: Modern Techniques and Their Applications}},
    year={1999},
    edition={2nd},
    series={Pure and Applied Mathematics},
    publisher={John Wiley \& Sons},
}

@book{SeebachSteen1978,
    author={Seebach, Jr., J. Arthur and Steen, Lynn Arthur},
    title={{Counterexamples in Topology, Second Edition}},
    year={1978},
    publisher=SPR,
    address={New York},
}

@book{Lang2002,
    author={Lang, Serge},
    title={{Algebra}},
    year={2002},
    edition={Revised 3rd},
    series=GTM,
    volume={211},
    publisher=SPR,
}

@book{Mora2002,
    author={Mora, Teo},
    title={{Solving Polynomial Equation Systems I: The Kronecker-Duval Philosophy}},
    year={2002},
    series={Encyclopedia of Mathematics and Its Applications},
    volume={88},
    publisher=CUP,
}

@book{Mora2005,
    author={Mora, Teo},
    title={{Solving Polynomial Equation Systems II: Macaulay{\textquotesingle}s Paradigm and Gr{\"o}bner Technology}},
    year={2005},
    series={Encyclopedia of Mathematics and Its Applications},
    volume={99},
    publisher=CUP,
}

@book{Mora2015,
    author={Mora, Teo},
    title={{Solving Polynomial Equation Systems III: Algebraic Solving}},
    year={2015},
    series={Encyclopedia of Mathematics and Its Applications},
    volume={157},
    publisher=CUP,
}

@book{Mora2016,
    author={Mora, Teo},
    title={{Solving Polynomial Equation Systems IV: Buchberger Theory and Beyond}},
    year={2016},
    series={Encyclopedia of Mathematics and Its Applications},
    volume={158},
    publisher=CUP,
}

@book{Moretti1964,
    author={Moretti, Gino},
    title={{Functions of a Complex Variable}},
    year={1964},
    series={International Series in Applied Mathematics},
    publisher={Prentice-Hall, Inc.},
}

@book{Aluffi2009,
    author={Aluffi, Paolo},
    title={{Algebra: Chapter 0}},
    year={2009},
    series={Graduate Studies in Mathematics},
    volume={104},
    publisher=AMS,
}

@phdthesis{Xiu2012,
    author={Xiu, Xingqiang},
    title={{Non-commutative Gröbner Bases and Applications}},
    year={2012},
    school={Universit{\"a}t Passau},
}

@phdthesis{Buchberger1965,
    author={Buchberger, Bruno},
    title={{Ein Algorithmus zum Auffinden der Basiselemente des Restklassenringes nach einem nulldimensionalen Polynomideal}},
    IGNOREtitle={{An Algorithm for Finding the Basis Elements of the Residue Class Ring of a Zero Dimensional Polynomial Ideal}},
    year={1965},
    school={Universit{\"a}t Inssbruck},
}

@book{KreuzerRobbiano2000,
    author={Kreuzer, Martin and Robbiano, Lorenzo},
    title={{Computational Commutative Algebra 1}},
    year={2000},
    publisher=SPR,
}

@book{KreuzerRobbiano2005,
    author={Kreuzer, Martin and Robbiano, Lorenzo},
    title={{Computational Commutative Algebra 2}},
    year={2005},
    publisher=SPR,
}

@article{GebauerMoller1988,
    author={Gebauer, R{\"u}diger and M{\"o}ller, H. Michael},
    title={{On an installation of Buchberger's algorithm}},
    year={1988},
    journal=JSYMBCOMP,
    volume={6},
    number={2--3},
    pages={275--286},
    publisher=ELS,
    doi={10.1016/S0747-7171(88)80048-8},
}

@article{MollerMora1986,
    author={M{\"o}ller, H. Michael and Mora, Ferdinando},
    title={{New Constructive Methods in Classical Ideal Theory}},
    year={1986},
    journal=JALG,
    volume={100},
    pages={138--178},
}

@article{Moller1986,
    author={M{\"o}ller, H. Michael},
    title={{On the Construction of Gr{\"o}bner Bases Using Syzygies}},
    year={1988},
    journal=JSYMBCOMP,
    volume={6},
    number={2--3},
    pages={345--359},
    publisher=ELS,
    doi={10.1016/S0747-7171(88)80052-X},
}

@inproceedings{MollerMoraTraverso1992,
    author={M{\"o}ller, H. Michael and Mora, Teo and Traverso, Carlo},
    title={{Gr{\"o}bner Bases Computation Using Syzygies}},
    year={1992},
    booktitle={Papers from the International Symposium on Symbolic and Algebraic Computation},
    IGNOREbooktitle={Proc. ISSAC 1992},
    series={ISSAC '92},
    pages={320--328},
    publisher=ACM,
}

@misc{EderFaugere2014,
      author={Eder, Christian and  Faug{\`e}re, Jean-Charles},
      title={{A survey on signature-based Gr\"obner basis computations}},
      year={2014},
      eprint={1404.1774},
      archivePrefix={arXiv},
      primaryClass={math.AC},
}

@article{EderFaugere2017,
    author={Eder, Christian and Faug{\`e}re, Jean-Charles},
    title={{A survey on signature-based algorithms for computing Gr{\"o}bner bases}},
    year={2017},
    journal=JSYMBCOMP,
    volume={80},
    pages={719--784},
    publisher=ELS,
    issn={0747-7171},
    doi={10.1016/j.jsc.2016.07.031},
}

@article{BluhmKreuzer2007,
    author={Bluhm, Holger and Kreuzer, Martin},
    title={{Computation of Syzygies Over Non-Commutative Rings}},
    year={2007},
    IGNOREjournal={Contemporary Mathematics},
    journal={Contemp. Math.},
    volume={421},
    pages={45--64},
}

@inproceedings{EderRoune2013,
    author={Eder, Christian and Roune, Bjarke Hammersholt},
    title={{Signature Rewriting in Gr{\"o}bner Basis Computation}},
    year={2013},
    booktitle={Proceedings of the 2013 International Symposium on Symbolic and Algebraic Computation},
    IGNOREbooktitle={Proc. ISSAC 2013},
    series={ISSAC '13},
    pages={331--338},
    publisher=ACM,
}

@inproceedings{EderPerry2011,
    author={Eder, Christian and Perry, John},
    title={{Signature-Based Algorithms to Compute Gr{\"o}bner Bases}},
    year={2011},
    booktitle={Proceedings of the 2011 International Symposium on Symbolic and Algebraic Computation},
    IGNOREbooktitle={Proc. ISSAC 2011},
    series={ISSAC '11},
    pages={99--106},
    publisher=ACM,
}

@inproceedings{RouneStillman2012ISSAC,
    author={Roune, Bjarke Hammersholt and Stillman, Michael},
    title={{Practical Gr{\"o}bner Basis Computation}},
    year={2012},
    booktitle={Proceedings of the 2012 International Symposium on Symbolic and Algebraic Computation},
    IGNOREbooktitle={Proc. ISSAC 2012},
    series={ISSAC '12},
    pages={203--210},
    publisher=ACM,
}

@article{RouneStillman2012arxiv,
    author={Roune, Bjarke Hammersholt and Stillman, Michael},
    title={{Practical Gr{\"o}bner Basis Computation}},
    year={2012},
    note={dostopno na: \url{http://arxiv.org/abs/1206.6940}},
}

@book{Petersen2015,
    author={Petersen, T. Kyle},
    title={{Eulerian Numbers}},
    year={2015},
    IGNOREedition={1st},
    series={Birkh{\"a}user Advanced Texts Basler Lehrb{\"u}cher},
    publisher={Birkh{\"a}user},
    doi={10.1007/978-1-4939-3091-3},
}

@inproceedings{Mora1985,
    author={Mora, Ferdinando},
    title={{Gr{\"o}bner bases for non-commutative polynomial rings}},
    year={1985},
    booktitle={International Conference on Applied Algebra, Algebraic Algorithms, and Error-Correcting Codes},
    pages={353--362},
    publisher=SPR,
}

@techreport{Faugere2003Inria,
    author={Faug{\`e}re, Jean-Charles},
    title={{Algebraic cryptanalysis of HFE using Gr{\"o}bner bases}},
    year={2003},
    institution={{INRIA}},
    type={Research Report},
    number={RR-4738},
    note={available at \url{https://inria.hal.science/inria-00071849}},
    HAL_ID={inria-00071849},
    HAL_VERSION={v1},
}

@inproceedings{FaugereJoux2003,
    author={Faug{\`e}re, Jean-Charles and Joux, Antoine},
    title={{Algebraic Cryptanalysis of Hidden Field Equation (HFE) Cryptosystems Using Gr{\"o}bner Bases}},
    year={2003},
    booktitle={Advances in Cryptology --- CRYPTO 2003},
    pages={44--60},
    publisher=SPR,
    isbn={978-3-540-45146-4},
}

@article{Galkin2012,
    author={Galkin, Vasily},
    title={{Termination of original F5}},
    year={2012},
    IGNOREnote={dostopno na: \url{https://arxiv.org/abs/1203.2402}},
    note={available at: \url{https://arxiv.org/abs/1203.2402}},
}

@article{HofstadlerVerron2021v2,
    author={Hofstadler, Clemens and Verron Thibaut},
    title={{Signature Gr{\"o}bner bases, bases of syzygies and cofactor reconstruction in the free algebra}},
    year={2021},
    note={dostopno na: \url{https://arxiv.org/abs/2107.14675v2}},
}

@article{HofstadlerVerron2022,
    author={Hofstadler, Clemens and Verron, Thibaut},
    title={{Signature Gr{\"o}bner bases, bases of syzygies and cofactor reconstruction in the free algebra}},
    year={2022},
    journal=JSYMBCOMP,
    volume={113},
    pages={211--241},
    doi={10.1016/j.jsc.2022.04.001},
    issn={0747-7171},
}

@article{Bergman1978,
    author={Bergman, George M.},
    title={{The diamond lemma for ring theory}},
    year={1978},
    IGNOREjournal={Advances in Mathematics},
    journal={Adv. Math.},
    volume={29},
    number={2},
    pages={178--218},
    publisher=ELS,
    issn={0001-8708},
    doi={10.1016/0001-8708(78)90010-5},
}

@book{Bulygin2018,
    author={Bulygin, Stanislav and Jurrius, Relinde and Pellikaan, Ruud and Wu, Xin-Wen},
    title={{Codes, Cryptology and Curves with Computer Algebra}},
    year={2018},
    publisher=CUP,
    doi={10.1017/9780511982170},
}

@inproceedings{Faugere2009,
    author={Faug{\`e}re, Jean-Charles},
    title={{Interactions between computer algebra (Gröbner bases) and cryptology}},
    year={2009},
    booktitle={Proceedings of the 2009 International Symposium on Symbolic and Algebraic Computation},
    series={ISSAC '09},
    pages={383--384},
    publisher=ACM,
    doi={10.1145/1576702.1576755},
}

@article{Hofstadler2019,
    author={Hofstadler, Clemens and Raab, Clemens and Regensburger, Georg},
    title={{Certifying operator identities via noncommutative Gröbner bases}},
    year={2019},
    IGNOREjournal={ACM Communications in Computer Algebra},
    journal={ACM Commun. Comput. Algebra},
    volume={53},
    pages={49--52},
    publisher=ACM,
    doi={10.1145/3371991.3371996},
}

@article{GerdtZinin2008,
    author={Gerdt, Vladimir and Zinin, Mikhail},
    title={{Involutive method for computing Gr{\"o}bner bases over $\mathbb{F}_2$}},
    year={2008},
    IGNOREjournal={Programming and Computer Software},
    journal={Program. Comput. Softw.},
    volume={34},
    pages={191--203},
    publisher={Pleiades Publishing, Ltd.},
    doi={10.1134/S0361768808040026},
}

@article{Pauer2007,
    author={Pauer, Franz},
    title={{Gröbner bases with coefficients in rings}},
    year={2007},
    journal=JSYMBCOMP,
    volume={42},
    number={11},
    pages={1003--1011},
    publisher=ELS,
    IGNOREnote={Non-commutative Gr{\"o}bner bases and applications},
    issn={0747-7171},
    doi={10.1016/j.jsc.2007.06.006},
}

@article{FrancisVerron2020,
    author={Francis, Maria and Verron, Thibaut},
    title={{A Signature-Based Algorithm for Computing Gr{\"o}bner Bases over Principal Ideal Domains}},
    year={2020},
    journal={Mathematics in Computer Science},
    volume={14},
    number={2},
    pages={515--530},
    publisher=SPR,
    doi={10.1007/s11786-019-00432-5},
}

@article{LevandovskyyMetzlaffZeid2021,
    author={Levandovskyy, Viktor and Metzlaff, Tobias and Abou Zeid, Karim},
    title={{Computing Free Non-commutative Groebner Bases over $\mathbb{Z}$ with \textsc{Singular:Letterplace}}},
    year={2021},
    eprint={2111.08518},
    archivePrefix={arXiv},
    primaryClass={math.RA},
    note={dostopno na: \url{https://arxiv.org/abs/2111.08518}},
}

@article{LevandovskyyMetzlaffZeid2023,
    author={Levandovskyy, Viktor and Metzlaff, Tobias and Abou Zeid, Karim},
    title={{Computing free non-commutative Gr{\"o}bner bases over $\mathbb{Z}$ with \textsc{Singular:Letterplace}}},
    year={2023},
    journal=JSYMBCOMP,
    volume={115},
    pages={201-222},
    publisher=ELS,
    issn={0747-7171},
    doi={10.1016/j.jsc.2022.08.007},
}

@misc{Buchberger2005,
    author={Buchberger, Bruno},
    title={{From Gr{\"o}bner Bases to Automated Theorem Proving and Back}},
    year={2005},
    IGNOREnote={dostopno na: \url{https://www.researchgate.net/publication/228693001}},
    note={available at: \url{https://www.researchgate.net/publication/228693001}},
}

@article{Buchberger2006,
    author={Buchberger, Bruno},
    title={{Comments on the translation of my PhD thesis}},
    year={2006},
    journal=JSYMBCOMP,
    volume={41},
    number={3},
    pages={471--474},
    publisher=ELS,
    IGNOREnote={Logic, Mathematics and Computer Science: Interactions in honor of Bruno Buchberger (60th birthday)},
    issn={0747-7171},
    doi={10.1016/j.jsc.2005.09.008},
}

@article{Post1947,
    author={Post, Emil L.},
    title={{Recursive Unsolvability of a Problem of Thue}},
    year={1947},
    Journal={J. Symb. Logic},
    IGNOREjournal={The Journal of Symbolic Logic},
    volume={12},
    number={1},
    pages={1--11},
    doi={10.2307\%2F2267170},
}

@article{Evans1978,
    author={Evans, Trevor},
    title={{Word problems}},
    year={1978},
    journal={Bull. Amer. Math. Soc.},
    volume={84},
    pages={789--802},
    doi={10.1090/S0002-9904-1978-14516-9},
}

@inproceedings{ToraniBeheshti2008GSM,
    author={Toorani, Mohsen and Beheshti, A.},
    title={{Solutions to the GSM Security Weaknesses}},
    booktitle={2008 The Second International Conference on Next Generation Mobile Applications, Services, and Technologies},
    year={2008},
    pages={576--581},
    doi={10.1109/NGMAST.2008.88},
}

@book{KatzLindell2021Intro,
    author={Katz, Jonathan and Lindell, Yehuda},
    title={{Introduction to Modern Cryptography}},
    year={2021},
    edition={3rd},
    series={Chapman \& Hall/CRC Cryptography and Network Security Series},
    publisher={CRC Press},
    isbn={9781351133012},
}

@manual{linux-openssl-1.1.1,
    title={{enc(1) OpenSSL manual pages}},
    note={v1.1.1q, published 2022-07-05, accessed through the \texttt{man} command, also available at \url{https://www.openssl.org/docs/man1.1.1/man1/enc.html}},
}

@misc{openssl,
    title={{OpenSSL}},
    note={available at \url{https://www.openssl.org/} (accessed \today)},
    author={{OpenSSL Foundation{,} Inc.}},
} 

@article{FischerLynchPaterson1985,
    author={Fischer, Michael J. and Lynch, Nancy A. and Paterson, Michael S.},
    title={{Impossibility of Distributed Consensus with One Faulty Process}},
    year={1985},
    journal=JACM,
    volume={32},
    number={2},
    pages={374--382},
    publisher=ACM,
    issn={0004-5411},
    doi={10.1145/3149.214121},
}

@article{Lamport1998Paxos,
    author={Lamport, Leslie},
    title={{The Part-Time Parliament}},
    year={1998},
    journal={ACM Transactions on Computer systems},
    IGNOREjournal={ACM Trans. Comput. Syst.},
    volume={16},
    number={2},
    pages={133--169},
    publisher=ACM,
    issn={0734-2071},
    doi={10.1145/279227.279229},
}

@techreport{Lamport1989PaxosReport,
    author={Lamport, Leslie},
    title={{The Part-Time Parliament}},
    year={1989},
    institution={DEC Systems Research Center},
    number={SRC-RR-49},
    type={Technical Report},
}

@article{Lamport2001PaxosSimple,
    author={Lamport, Leslie},
    title={{Paxos Made Simple}},
    year={2001},
    journal={ACM SIGACT News (Distributed Computing Column) 32, 4 (Whole Number 121, December 2001)},
    publisher=ACM,
    pages={51--58},
}

@article{LamportShostakPease1982ByzantineGenerals,
    author={Lamport, Leslie and Shostak, Robert and Pease, Marshall},
    title={{The Byzantine Generals Problem}},
    year={1982},
    journal={ACM Transactions on Programming Languages and Systems},
    IGNOREjournal={ACM Trans. Program. Lang. Syst.},
    volume={4},
    number={3},
    pages={382--401},
    publisher=ACM,
    issn={0164-0925},
    doi={10.1145/357172.357176},
}

@article{Castro2001,
    author={Castro, Miguel},
    title={{Practical Byzantine Fault Tolerance}},
    year={2001},
    note={a minor revision of his PhD dissertation of the same name},
}

@inproceedings{CastroLiskov1999PracticalByzantine,
    author={Castro, Miguel and Liskov, Barbara},
    title={{Practical Byzantine Fault Tolerance}},
    year={1999},
    booktitle={Proceedings of the Third Symposium on Operating Systems Design and Implementation},
    series={OSDI '99},
    pages={173--186},
    publisher={USENIX Association},
    isbn={1880446391},
    doi={10.5555/296806.296824},
}

@article{Lamport1978Time,
    author={Lamport, Leslie},
    title={{Time, Clocks, and the Ordering of Events in a Distributed System}},
    year={1978},
    journal=CACM,
    volume={21},
    number={7},
    pages={558--565},
    publisher=ACM,
    issn={0001-0782},
    doi={10.1145/359545.359563},
}

@article{PeaseShostakLamport1980ReachingAgreement,
    author={Pease, Marshall and Shostak, Robert and Lamport, Leslie},
    title={{Reaching Agreement in the Presence of Faults}},
    year={1980},
    journal=JACM,
    volume={27},
    number={2},
    pages={228--234},
    publisher=ACM,
    issn={0004-5411},
    doi={10.1145/322186.322188},
}

@book{PohstZassenhaus1989,
    author={Pohst, Michael E. and Zassenhaus, Hans},
    title={{Algorithmic Algebraic Number Theory}},
    year={1989},
    publisher=CUP,
    series={Encyclopaedia of mathematics and its applications},
}

@phdthesis{May2003PhD,
    author={May, Alexander},
    title={{New RSA Vulnerabilities Using Lattice Reduction Methods}},
    year={2003},
    school={University of Paderborn},
}

@techreport{Lamport1979,
    author={Lamport, Leslie},
    title={{Constructing digital signatures from a one-way function}},
    year={1979},
    institution={SRI International Computer Science Laboratory},
    type={Technical Report},
    number={CLS-98},
}

@article{Perera2022,
    author={Perera, Nisansala and Nakamura, Toru and Hashimoto, Masayuki and Yokoyama, Hiroyuki and Cheng, Chen-Mou and Sakurai, Kouichi},
    title={{A Survey on Group Signatures and Ring Signatures: Traceability vs. Anonymity}},
    year={2022},
    journal={Cryptography},
    volume={6},
    number={1},
    pages={3},
    doi={10.3390/cryptography6010003},
}

@article{LiQianLi2009,
    author={Li, Xiang-xue and Qian, Hai-feng and Li, Jian-hua},
    title={{Democratic group signatures with threshold traceability}},
    year={2009},
    journal={Journal of Shanghai Jiaotong University (Science)},
    volume={14},
    number={1},
    pages={98--101},
    publisher=SPR,
    doi={10.1007/s12204-009-0098-z},
}

@article{FeigeLapidotShamir1999NIZKP,
    author={Feige, Uriel and Lapidot, Dror and Shamir, Adi},
    title={{Multiple NonInteractive Zero Knowledge Proofs Under General Assumptions}},
    year={1999},
    journal=SIAMJC,
    volume={29},
    number={1},
    pages={1--28},
    doi={10.1137/S0097539792230010},
}

@book{TanenbaumVanSteen2017,
    author={Tanenbaum, Andrew S. and Van Steen, Maarten},
    title={{Distributed Systems}},
    year={2017},
    edition={Third},
    publisher={Pearson},
}

@misc{LamportEmail1987,
    author={Lamport, Leslie},
    year={1987},
    note={email sent to \texttt{jumbo.dec.com} on May 28, 1987, available at \url{https://lamport.azurewebsites.net/pubs/distributed-system.txt}},
}

@article{HerlihyWing1990Linearizabiliy,
    author={Herlihy, Maurice P. and Wing, Jeannette M.},
    title={{Linearizabiliy: a correctness condition for concurrent objects}},
    year={1990},
    journal={ACM Transactions on Computer systems},
    IGNOREjournal={ACM Trans. Comput. Syst.},
    volume={12},
    number={3},
    pages={463--492},
    publisher=ACM,
    doi={10.1145/78969.78972},
}

@inproceedings{HerlihyWing1987Axioms,
    author={Herlihy, Maurice P. and Wing, Jeannette M.},
    title={{Axioms for concurrent objects}},
    year={1987},
    booktitle={Proceedings of the 14th {ACM} {SIGACT}-{SIGPLAN} symposium on Principles of programming languages -- {POPL} {\textquotesingle}87},
    pages={13--26},
    publisher=ACM,
    doi={10.1145/41625.41627},
}

@inproceedings{BenOr1983,
    author={Ben-Or, Michael},
    title={{Another Advantage of Free Choice (Extended Abstract): Completely Asynchronous Agreement Protocols}},
    year={1983},
    booktitle={Proceedings of the Second Annual ACM Symposium on Principles of Distributed Computing},
    series={PODC '83},
    pages={27--30},
    publisher=ACM,
    isbn={0897911105},
    doi={10.1145/800221.806707},
}

@article{BlumDeSantisMicaliPersiano1991,
    author={Blum, Manuel and De Santis, Alfredo and Micali, Silvio and Persiano, Giuseppe},
    title={{Noninteractive Zero-Knowledge}},
    year={1991},
    journal=SIAMJC,
    volume={20},
    number={6},
    pages={1084--1118},
    publisher=SIAM,
    doi={10.1137/0220068},
}

@book{Goldreich2010NP,
    author={Goldreich, Oded},
    title={{P, NP, and NP-Completeness: The Basics of Computational Complexity}},
    year={2010},
    publisher=CUP,
}

@book{Goldreich2008Complexity,
    author={Goldreich, Oded},
    title={{Computational Complexity: A conceptual perspective}},
    year={2008},
    publisher=CUP,
}

@article{Shamir1992IPPSPACE,
    author={Shamir, Adi},
    title={{IP = PSPACE}},
    year={1992},
    journal=JACM,
    volume={39},
    number={4},
    pages={869--877},
    publisher=ACM,
    issn={0004-5411},
    doi={10.1145/146585.146609},
}

@incollection{Karp1972,
    author={Karp, Richard M.},
    title={{Reducibility among Combinatorial Problems}},
    year={1972},
    booktitle={Complexity of Computer Computations},
    series={The IBM Research Simposia Series},
    pages={85--103},
    publisher=SPR,
    doi={10.1007/978-1-4684-2001-2_9},
}

@article{GilbertLynch2002CAP,
    author={Gilbert, Seth and Lynch, Nancy},
    title={{Brewer's Conjecture and the Feasibility of Consistent, Available, Partition-Tolerant Web Services}},
    year={2002},
    journal={SIGACT News},
    volume={33},
    number={2},
    pages={51--59},
    publisher=ACM,
    issn={0163-5700},
    doi={10.1145/564585.564601},
}

@book{CachinRachidRodrigues2011,
    author={Cachin, Christian and Guerraoui, Rachid and Rodrigues, Lu{\'i}s},
    title={{Introduction to Reliable and Secure Distributed Programming}},
    year={2011},
    publisher=SPR,
    doi={10.1007/978-3-642-15260-3},
}

@inproceedings{BarNoyDolev1987EIG,
    author={Bar-Noy, Amotz and Dolev, Danny and Dwork, Cynthia and Strong, H. Raymond},
    title={{Shifting Gears: Changing Algorithms on the Fly to Expedite Byzantine Agreement}},
    year={1987},
    booktitle={Proceedings of the Sixth Annual ACM Symposium on Principles of Distributed Computing},
    series={PODC '87},
    pages={42--51},
    publisher=ACM,
    isbn={089791239X},
    doi={10.1145/41840.41844},
}

@book{AttiyaWelch2004,
    author={Attiya, Hagit and Welch, Jennifer},
    title={{Distributed Computing: Fundamentals, Simulations, and Advanced Topics}},
    year={2004},
    edition={2nd},
    publisher={John Wiley \& Sons},
}

@misc{Kleppmann2015CAP,
    author={Kleppmann, Martin},
    title={{Please stop calling databases CP or AP}},
    year={2015},
    month={May 11,},
    note={available at \url{https://martin.kleppmann.com/2015/05/11/please-stop-calling-databases-cp-or-ap.html}, accessed \today},
}

@misc{Kleppmann2015CAParxiv,
    author={Kleppmann, Martin},
    title={{A Critique of the CAP Theorem}},
    year={2015},
    IGNOREpublisher={arXiv},
    IGNOREcopyright={arXiv.org perpetual, non-exclusive license},
    IGNOREurl={https://arxiv.org/abs/1509.05393},
    note={arXiv preprint 1509.05393},
    doi={10.48550/ARXIV.1509.05393},
}

@inproceedings{OngaroOusterhout2014Raft,
    author={Ongaro, Diego and Ousterhout, John},
    title={{In Search of an Understandable Consensus Algorithm}},
    year={2014},
    booktitle={2014 USENIX Annual Technical Conference (USENIX ATC 14)},
    pages={305--319},
    publisher={USENIX Association},
    isbn={978-1-931971-10-2},
}

@misc{TorProject,
    author={{The Tor Project}},
    note={available at \url{https://www.torproject.org/}, accessed \today},
}

@misc{I2P,
    author={{I2P: The Invisible Internet Project}},
    note={available at \url{https://geti2p.net/en/}, accessed \today},
}

@article{Chaum1981Mixnet,
    author={Chaum, David L.},
    title={{Untraceable Electronic Mail, Return Addresses, and Digital Pseudonyms}},
    year={1981},
    journal=CACM,
    volume={24},
    number={2},
    pages={84--90},
    publisher=ACM,
    issn={0001-0782},
    doi={10.1145/358549.358563},
}

@article{MaWuGeLI2018,
    author={Ma, Yuxiang and Wu, Yulei and Ge, Jingguo and LI, Jun},
    title={{An Architecture for Accountable Anonymous Access in the Internet-of-Things Network}},
    year={2018},
    journal={IEEE Access},
    volume={6},
    pages={14451--14461},
    publisher=IEEE,
    doi={10.1109/ACCESS.2018.2806483},
}

@incollection{Douceur2002Sybil,
    author={John R. Douceur},
    title={{The Sybil Attack}},
    year={2002},
    booktitle={Peer-to-Peer Systems},
    series=LNCS,
    volume={2429},
    pages={251--260},
    publisher=SPR,
    doi={10.1007/3-540-45748-8_24},
}

@article{Fujisaki2012,
    author={Fujisaki, Eiichiro},
    title={{Sub-Linear Size Traceable Ring Signatures without Random Oracles}},
    year={2012},
    journal={{IEICE} Transactions on Fundamentals of Electronics, Communications and Computer Sciences},
    volume={E95-A},
    number={1},
    pages={151--166},
    publisher={Institute of Electronics, Information and Communications Engineers},
    doi={10.1587/transfun.e95.a.151},
}

@inproceedings{Impagliazzo1995,
    author={Impagliazzo, Russell},
    title={{A personal view of average-case complexity}},
    year={1995},
    booktitle={Proceedings of Structure in Complexity Theory. Tenth Annual IEEE Conference},
    pages={134--147},
    publisher=IEEE,
    doi={10.1109/SCT.1995.514853},
}

@article{Rogaway2009,
    author={Rogaway, Phillip},
    title={{Practice-Oriented Provable Security and the Social Construction of Cryptography}},
    year={2016},
    journal={IEEE Security \& Privacy},
    volume={14},
    number={6},
    pages={10--17},
    publisher=IEEE,
    doi={10.1109/MSP.2016.122},
}

@book{Hardy1979,
    author={Hardy, Godfrey Harold and Wright, Edward Maitland},
    title={{An Introduction to the Theory of Numbers}},
    year={2008},
    edition={6th},
    IGNOREyear={1979},
    publisher={Oxford university press}
}

@book{ConwaySloane1999,
    author={Conway, John Horton and Sloane, Neil James Alexander},
    title={{Sphere Packings, Lattices and Groups}},
    year={1999},
    edition={3rd},
    series=GMW,
    volume={290},
    publisher=SPR,
    doi={10.1007/978-1-4757-6568-7},
}

@book{Serre1973,
    author={Serre, Jean-Pierre},
    title={{A Course in Arithmetic}},
    year={1973},
    series=GTM,
    volume={7},
    publisher=SPR,
    doi={10.1007/978-1-4684-9884-4},
}

@article{Schnorr1987,
    author={Schnorr, Claus Peter},
    title={{A Hierarchy of Polynomial Time Lattice Basis Reduction Algorithms}},
    year={1987},
    journal={Theor. Comput. Sci.},
    volume={53},
    number={2},
    pages={201--224},
    publisher=ELS,
    issn={0304-3975},
    doi={10.1016/0304-3975(87)90064-8},
}

@book{MicciancioGoldwasser2002,
    author={Micciancio, Daniele and Goldwasser, Shafi},
    title={{Complexity of Lattice Problems: A Cryptographic Perspective}},
    year={2002},
    series={The Kluwer International Series in Engineering and Computer Science},
    volume={671},
    publisher=SPR,
    doi={10.1007/978-1-4615-0897-7},
}

@article{PleskenSouvignier1997,
    author={Plesken, Wilhelm and Souvignier, Bernd},
    title={{Computing Isometries of Lattices}},
    journel=JSYMBCOMP,
    year={1997},
    volume={24},
    number={3--4},
    pages={327--334},
    publisher=ELS,
    doi={10.1006/jsco.1996.0130},
}

@article{DutourSikiriVallentin2009,
    author={Dutour Sikiri{\'{c}}, Mathieu and Sch{\"{u}}rmann, Achill and Vallentin, Frank},
    title={{Complexity and algorithms for computing Voronoi cells of lattices}},
    year={2009},
    journal={Math. Comput.},
    IGNOREjournal={Mathematics of Computation},
    volume={78},
    number={267},
    pages={1713--1731},
    publisher=AMS,
    doi={10.1090/s0025-5718-09-02224-8},
}

@article{Babai1986,
    author={Babai, L{\'a}szl{\'o}},
    title={{On Lov{\'a}sz' lattice reduction and the nearest lattice point problem}},
    year={1986},
    journal={Combinatorica},
    volume={6},
    number={1},
    pages={1--13},
    publisher=SPR,
    doi={10.1007/bf02579403},
}

@inproceedings{Schoof2008Arakelov,
    author={Schoof, Ren{\'e}},
    title={{Computing Arakelov class groups}},
    year={2008},
    booktitle={Algorithmic Number Theory: Lattices, Number Fields, Curves and Cryptography},
    series={MSRI Publications},
    volume={44},
    pages={447--495},
    publisher=CUP,
}

@article{BartelLenstra2020,
    author={Bartel, Alex and Lenstra Jr., Hendrik W.},
    title={{On class groups of random number fields}},
    year={2020},
    journal={Proceedings of the London Mathematical Society},
    volume={121},
    number={4},
    pages={927--953},
    doi={10.1112/plms.12343},
}

@article{KirschmerVoight2010,
    author={Kirschmer, Markus and Voight, John},
    title={{Algorithmic Enumeration of Ideal Classes for Quaternion Orders}},
    year={2010},
    journal=SIAMJC,
    volume={39},
    number={5},
    pages={1714--1747},
    publisher=SIAM,
    doi={10.1137/080734467},
}

@book{Neukirch1999ANT,
    author={Neukirch, J{\"u}rgen},
    title={{Algebraic Number Theory}},
    year={1999},
    series=GMW,
    volume={332},
    publisher=SPR,
    doi={10.1007/978-3-662-03983-0},
}

@article{JaoMillerVenkatesan2009Expanders,
    author={Jao, David  and Miller, Stephen D. and Venkatesan, Ramarathnam},
    title={{Expander graphs based on GRH with an application to elliptic curve cryptography}},
    year={2009},
    journal={Journal of Number Theory},
    volume={129},
    number={6},
    pages={1491--1504},
    publisher=ELS,
    issn={0022--314X},
    doi={10.1016/j.jnt.2008.11.006},
}

@book{Neukirch1986CFT,
    author={Neukirch, J{\"u}rgen},
    title={{Class Field Theory}},
    year={1986},
    series=GMW,
    volume={280},
    publisher=SPR,
    doi={10.1007_978-3-642-82465-4},
}

@book{NeukirchSchmidtWingberg2008Cohomology,
    author={Neukirch, J{\"u}rgen and Schmidt, Alexander and Wingberg, Kay},
    title={{Cohomolohy of Number Fields}},
    year={2008},
    edition={2nd},
    series=GMW,
    volume={323},
    publisher=SPR,
    doi={10.1007_978-3-540-37889-1},
}

@article{Micciancio2007,
    author={Daniele Micciancio},
    title={{Generalized Compact Knapsacks, Cyclic Lattices, and Efficient One-Way Functions}},
    year={2007},
    journal={computational complexity},
    volume={16},
    number={4},
    pages={365--411},
    publisher=SPR,
    doi={10.1007/s00037-007-0234-9},
}

@phdthesis{Thiel1995,
    author={Thiel, Christoph},
    title={{On the complexity of some problems in algorithmic algebraic number theory}},
    year={1995},
    school={Universit{\"a}t des Saarlandes},
}

@phdthesis{Chenu2021,
  author={Chenu, Mathilde},
  title={{Supersingular Group Actions and Post-quantum Key Exchange. (Action de Groupe Supersinguli{\`{e}}res et Echange de Cl{\'{e}}s Post-quantique)}},
  year={2021},
  school={{\'E}cole Polytechnique, Palaiseau, France},
}

@article{Cohen1996,
    author={Cohen, Henri},
    title={{Hermite and Smith normal form algorithms over Dedekind domains}},
    year={1996},
    journal={Math. Comput.},
    IGNOREjournal={Mathematics of Computation},
    volume={65},
    number={216},
    pages={1681--1699},
    publisher=AMS,
    doi={10.1090/s0025-5718-96-00766-1},
}

@article{BiasseFiekerHofmann2017HNF,
    author={Biasse, Jean-Fran{\c{c}}ois and Fieker, Claus and Hofmann, Tommy},
    title={{On the computation of the {HNF} of a module over the ring of integers of a number field}},
    year={2017},
    journal=JSYMBCOMP,
    volume={80},
    pages={581--615},
    publisher=ELS,
    doi={10.1016/j.jsc.2016.07.027},
}

@article{FutornyGrochowSergeichuk2019WildnessTensors,
    author={Futorny, Vyacheslav and Grochow, Joshua A. and Sergeichuk, Vladimir V.},
    title={{Wildness for tensors}},
    year={2019},
    journal={Linear Algebra and its Applications},
    volume={566},
    pages={212--244},
    publisher=ELS,
    issn={0024-3795},
    doi={10.1016/j.laa.2018.12.022},
}

@article{GrochowQiao2023IsomorphismProblems,
    author={Grochow, Joshua and Qiao, Youming},
    title={{On the Complexity of Isomorphism Problems for Tensors, Groups, and Polynomials I: Tensor Isomorphism-Completeness}},
    year={2023},
    journal=SIAMJC,
    volume={52},
    number={2},
    pages={568--617},
    publisher=SIAM,
    doi={10.1137/21M1441110},
}

@article{BleyHofmannJohnston2022,
    author={Bley, Werner and Hofmann, Tommy and Johnston, Henri},
    title={{Computation of lattice isomorphisms and the integral matrix similarity problem}},
    year={2022},
    journal={Forum of Mathematics, Sigma},
    volume={10},
    publisher=CUP,
    doi={10.1017/fms.2022.74},
}

@article{RasslanYoussef2011,
    author={Rasslan, Mohamed and Youssef, Amr},
    title={{Cryptanalysis of a Public Key Encryption Scheme Using Ergodic Matrices}},
    year={2011},
    journal={IEICE Transactions on Fundamentals of Electronics, Communications and Computer Sciences},
    volume={E94.A},
    number={2},
    pages={853--854},
    publisher={Institute of Electronics, Information and Communications Engineers},
    doi={10.1587/transfun.E94.A.853}
}

@article{Tschebotareff1926,
    author={Tschebotareff, Nikolai},
    title={{Die Bestimmung der Dichtigkeit einer Menge von Primzahlen, welche zu einer gegebenen Substitutionsklasse gehören}},
    year={1926},
    journal={Mathematische Annalen},
    volume={95},
    number={1},
    pages={191--228},
    publisher=SPR,
    doi={10.1007/bf01206606},
}

@inproceedings{ChistovIvanyosKarminski1997,
    author={Chistov, Alexander and Ivanyos, G\'{a}bor and Karpinski, Marek},
    title={{Polynomial Time Algorithms for Modules over Finite Dimensional Algebras}},
    year={1997},
    booktitle={Proceedings of the 1997 International Symposium on Symbolic and Algebraic Computation},
    series={ISSAC '97},
    pages={68--74},
    publisher=ACM,
    isbn={0897918754},
    doi={10.1145/258726.258751},
}

@book{CurtisReiner1981,
    author={Curtis, Charles Whittlesey and Reiner, Irving},
    title={{Methods of Representation Theory, Volume I}},
    year={1981},
    publisher={John Wiley \& Sons},
}

@book{CurtisReiner1987,
    author={Curtis, Charles Whittlesey and Reiner, Irving},
    title={{Methods of Representation Theory, Volume II}},
    year={1987},
    publisher={John Wiley \& Sons},
}

@book{Cohen2000,
    author={Henri Cohen},
    title={{Advanced Topics in Computional Number Theory}},
    year={2000},
    series=GTM,
    volume={193},
    publisher=SPR,
    doi={10.1007/978-1-4419-8489-0},
}

@phdthesis{Steel2012,
    author={Steel, Allan Kenneth},
    title={{Construction of Ordinary Irreducible Representations of Finite Groups}},
    year={2012},
    school={University of Sydney},
}

@phdthesis{Hofmann2016,
    author={Hofmann, Tommy},
    title={{Integrality of representations of finite groups}},
    year={2016},
    school={Technische Universit{\"a}t Kaiserslautern},
}

@article{HofmannJohnston2020,
    author={Hofmann, Tommy and Johnston, Henri},
    title={{Computing isomorphisms between lattices}},
    year={2020},
    journal={Math. Comput.},
    volume={89},
    number={326},
    pages={2931--2963},
    publisher=AMS,
    doi={10.1090/mcom/3543},
}

@article{LLL1982,
    author={Lenstra, Arjen Klaas and Lenstra, Hendrik Willem and Lov{\'a}sz, L{\'a}szl{\'o}},
    title={{Factoring polynomials with rational coefficients}},
    year={1982},
    journal={Mathematische Annalen},
    volume={261},
    number={4},
    pages={515--534},
    publisher=SPR,
    doi={10.1007/bf01457454},
}

@article{NguyenStehle2009,
    author={Nguyen, Phong Q. and Stehl\'{e}, Damien},
    title={{An LLL Algorithm with Quadratic Complexity}},
    year={2009},
    journal=SIAMJC,
    volume={39},
    number={3},
    pages={874--903},
    publisher=SIAM,
    issn={0097-5397},
    doi={10.1137/070705702},
}

@book{Reiner2003,
    author={Reiner, Irving},
    title={{Maximal Orders}},
    year={2003},
    series={London Mathematical Society Monographs},
    volume={28},
    publisher={Clarendon Press \& Oxford University Press},
}

@book{Voight2021,
    author={Voight, John},
    title={{Quaternion Algebras}},
    year={2021},
    series=GTM,
    volume={288},
    publisher=SPR,
    doi={10.1007/978-3-030-56694-4},
}

@article{Kani1997,
    author={Kani, Ernst},
    title={The number of curves of genus two with elliptic differentials},
    year={1997},
    journal={J. reine angew. Math.},
    IGNOREjournal={Journal f{\"u}r die reine und angewandte Mathematik},
    volume={485},
    number={1997},
    pages={93--122},
    publisher={Walter de Gruyter {GmbH}},
    doi={10.1515/crll.1997.485.93},
}

@techreport{BardetFaugereSalvy2003Inria,
    author={Bardet, Magali and Faug{\`e}re, Jean-Charles and Salvy, Bruno},
    title={{Complexity of Gr{\"o}bner basis computation for Semi-regular Overdetermined sequences over $\mathbb{F}_2$ with solutions in $\mathbb{F}_2$}},
    year={2003},
    institution={{INRIA}},
    type={Research Report},
    number={RR-5049},
    note={available at \url{https://inria.hal.science/inria-00071534}},
    HAL_ID={inria-00071534},
    HAL_VERSION={v1},
}

@inproceedings{BardetFaugereSalvy2004,
    author={Bardet, Magali and Faug{\`e}re, Jean-Charles and Salvy, Bruno},
    title={{On the complexity of Gr{\"o}bner basis computation of semi-regular overdetermined algebraic equations}},
    year={2004},
    booktitle={Proc.\ of International Conference on Polynomial System Solving Paris, November 2004 in honor of Daniel Lazard},
    series={ICPSS},
    pages={71--75},
}

@inproceedings{BardetFaugereSalvyYang2005,
    author={Bardet, Magali and Faug{\`e}re, Jean-Charles and Salvy, Bruno and Yang, B.Y.},
    title={{Asymptotic Behaviour of the Degree of Regularity of Semi-Regular Polynomial Systems}},
    year={2005},
    booktitle={8th International Symposium on Effective Methods in Algebraic Geometry},
    series={MEGA},
    pages={1--17},
}

@book{Kitaoka1993,
    author={Kitaoka, Yoshiyuki},
    title={{Arithmetic of quadratic forms}},
    year={1993},
    series={Cambridge Tracts in Mathematics},
    volume={106},
    publisher=CUP,
}

@phdthesis{Stolbunov2012,
    author={Stolbunov, Anton},
    title={{Cryptographic Schemes Based on Isogenies}},
    year={2012},
    school={{NTNU} Norwegian University of Science and Technology},
}

@misc{Damgard2002Sigma,
    author={Damg{\aa}rd, Ivan},
    title={{On $\Sigma$-protocols}},
    year={2010},
    note={Lecture Notes for CPT 2010 v2, at Aarhus University, available at \url{https://www.cs.au.dk/~ivan/Sigma.pdf}},
}

@article{MicciancioRegev2007,
    author={Micciancio, Daniele and Regev, Oded},
    title={{Worst-Case to Average-Case Reductions Based on Gaussian Measures}},
    year={2007},
    journal=SIAMJC,
    volume={37},
    number={1},
    pages={267--302},
    publisher=SIAM,
    doi={10.1137/s0097539705447360},
}

@article{Regev2009,
    author={Oded Regev},
    title={{On lattices, learning with errors, random linear codes, and cryptography}},
    year={2009},
    journal=JACM,
    volume={56},
    number={6},
    pages={1--40},
    publisher=ACM,
    doi={10.1145/1568318.1568324},
}

@article{Sylvester1852,
    author={Sylvester, James Joseph},
    title={{XIX. A demonstration of the theorem that every homogeneous quadratic polynomial is reducible by real orthogonal substitutions to the form of a sum of positive and negative squares}},
    year={1852},
    journal={The London, Edinburgh, and Dublin Philosophical Magazine and Journal of Science},
    volume={4},
    number={23},
    pages={138--142},
    publisher={Informa {UK} Limited},
    doi={10.1080/14786445208647087},
}

@book{ShimuraTanimaya1961,
    author={Shimura, Goro and Tanimaya, Yutaka},
    title={{Complex multiplication of abelian varieties and its applications to number theory}},
    year={1961},
    series={Publications of the Mathematical Society of Japan},
    IGNOREseries={Publ. Math. Soc. Japan},
    volume={6},
    publisher={Mathematical Society of Japan},
    address={Tokyo},
}
    
@inbook{AlbrechtDucas2021,
    author={Albrecht, Martin R. and Ducas, L{\'e}o},
    title={{Lattice Attacks on NTRU and LWE: A History of Refinements}},
    year={2021},
    editor={Bos, Joppe and Stam, Martijn},
    booktitle={Computational Cryptography: Algorithmic Aspects of Cryptology},
    series={London Mathematical Society Lecture Note Series},
    pages={15--40},
    publisher=CUP,
    doi={10.1017/9781108854207.004},
}

@book{GolubVanLoan2013,
    author={Golub, Gene H. and Van Loan, Charles F.},
    title={{Matrix Computations}},
    year={2013},
    edition={4},
    series={Johns Hopkins Studies in the Mathematical Sciences},
    volume={3},
    publisher=JHUP,
}

@misc{DubeyHolenstein2014PadicQF,
    author={Dubey, Chandan and Holenstein, Thomas},
    title={{Computing the $p$-adic Canonical Quadratic Form in Polynomial Time}},
    year={2014},
    note={\url{https://arxiv.org/abs/1409.6199}},
    eprint={1409.6199},
    archivePrefix={arXiv},
    primaryClass={cs.DS}
}

@techreport{NIST2016,
    author={Chen, Lily and Jordan, Stephen and Liu, Yi-Kai and Moody, Dustin and Peralta, Rene and Perlner, Ray and Smith-Tone, Daniel},
    title={{Report on Post-Quantum Cryptography}},
    year={2016},
    institution={National Institute of Standards and Technology},
    type={Internal Report},
    number={8105},
    doi={10.6028/nist.ir.8105},
}

@article{PetrankRoth1997,
    author={Petrank, Erez and Roth, Ron M.},
    title={{Is code equivalence easy to decide?}},
    year={1997},
    journal={{IEEE} Transactions on Information Theory},
    volume={43},
    number={5},
    pages={1602--1604},
    publisher=IEEE,
    doi={10.1109/18.623157},
}

@misc{HawkSite,
    title={{Hawk: a signature scheme inspired by the Lattice Isomorphism Problem}},
    note={\url{https://hawk-sign.info/}},
}

@article{LenstraSilverberg2019,
    author={Lenstra Jr., Hendrik W. and Silverberg, Alice},
    title={{Testing Isomorphism of Lattices over CM-Orders}},
    year={2019},
    journal=SIAMJC,
    volume={48},
    number={4},
    pages={1300--1334},
    publisher=SIAM,
    doi={10.1137/17M115390X},
}

@misc{OEIS:A061653,
    author={OEIS: The On-Line Encyclopedia of Integer Sequences},
    title={{A061653: Relative class number $h-$ of cyclotomic field Q(zeta\_n)}},
    note={\url{https://oeis.org/A061653}},
}

@book{Bourbaki1972ComAlg,
    author={Bourbaki, Nicolas},
    title={{Commutative Algebra}},
    year={1972},
    series={Elements of Mathematics},
    publisher={Hermann},
}

@article{EickHofmannOBrien2019,
    author={Eick, Bettina and Hofmann, Tommy and O'Brien, Eamonn Anthony},
    title={{The conjugacy problem in GL$(n,\mathbb{Z})$}},
    year={2019},
    journal={Journal of the London Mathematical Society},
    volume={100},
    number={3},
    pages={731--756},
    publisher={Wiley},
    doi={10.1112/jlms.12246},
}

@book{Machi2012,
    author={Mach{\`i}, Antonio},
    title={Groups},
    year={2012},
    publisher=SPR,
    doi={10.1007/978-88-470-2421-2},
}

@book{FrohlichTaylor1992ANT,
    author={Fr{\"o}hlich, A. and Taylor, M. J.},
    title={{Algebraic number theory}},
    year={1992},
    series={Cambridge studies in advanced mathematics},
    volume={27},
    publisher=CUP,
}

@book{Janusz1996,
    author={Janusz, Gerald J.},
    title={{Algebraic Number Fields}},
    year={1996},
    edition={2},
    series={Graduate Studies in Mathematics},
    volume={7},
    publisher=AMS,
}

@book{OMeara1973,
    author={O'Meara, O. Timothy},
    title={{Introduction to Quadratic Forms}},
    year={1973},
    edition={Third Corrected Printing},
    series=GMW,
    publisher=SPR,
}

@book{Marcus2018,
    author={Marcus, Daniel A.},
    title={{Number Fields}},
    year={2018},
    edition={Second},
    series={Universitext},
    publisher=SPR,
    doi={10.1007/978-3-319-90233-3},
}

@book{Newman1972,
    author={Newman, Morris},
    title={{Integral Matrices}},
    year={1972},
    series={Pure and Applied Mathematices},
    volume={45},
    publisher={Academic Press},
}

@article{BBPS2023,
    author={Barenghi, Alessandro and Biasse, Jean-Fran{\c{c}}ois and Persichetti, Edoardo and Santini, Paolo},
    title={{On the computational hardness of the code equivalence problem in cryptography}},
    year={2023},
    journal={Advances in Mathematics of Communications},
    volume={17},
    number={1},
    pages={23--55},
    publisher={American Institute of Mathematical Sciences},
    doi={10.3934/amc.2022064},
}

@book{AssemSkowronskiSimson2006,
    author={Assem, Ibrahim and Skowronski, Andrzej and Simson, Daniel},
    title={{Elements of the Representation Theory of Associative Algebras: Techniques of Representation Theory}},
    year={2006},
    series={London Mathematical Society Student Texts},
    volume={1},
    publisher=CUP,
    doi={10.1017/CBO9780511614309},
}

@misc{RosulekJoC,
    author={Rosulek, Mike},
    title={{The Joy of Cryptography}},
    note={draft of January 3, 2021, available at \url{https://joyofcryptography.com/}},
}

@inproceedings{Rogaway2004,
    author={Rogaway, Phillip},
    title={{On the Role Definitions in and Beyond Cryptography}},
    year={2004},
    editor={Maher, Michael J.},
    booktitle={Advances in Computer Science --- ASIAN 2004. Higher-Level Decision Making},
    series=LNCS,
    volume={3321},
    pages={13--32},
    publisher=SPR,
    isbn={978-3-540-30502-6},
    doi={10.1007/978-3-540-30502-6_2},
}

@inproceedings{Giusti1984,
    author={Giusti, M.},
    title={{Some effectivity problems in polynomial ideal theory}},
    year={1984},
    editor={Fitch, John},
    booktitle={EUROSAM 84},
    series=LNCS,
    volume={174},
    publisher=SPR,
    pages={159--171},
    isbn={978-3-540-38893-7},
    doi={10.1007/BFb0032839},
}

@article{Miller1976,
    author={Miller, Gary L.},
    title={{Riemann's hypothesis and tests for primality}},
    year={1976},
    journal={Journal of Computer and System Sciences},
    volume={13},
    number={3},
    pages={300--317},
    issn={0022-0000},
    doi={10.1016/S0022-0000(76)80043-8},
}

@phdthesis{Bardet2004PhD,
    author={Bardet, Magali},
    title={{{\'E}tude des syst{\`e}mes alg{\'e}briques surd{\'e}termin{\'e}s. Applications aux codes correcteurs et {\`a} la cryptographie}},
    year={2004},
    school={{Universit{\'e} Pierre et Marie Curie - Paris VI}},
    note={\url{https://theses.hal.science/tel-00449609}},
    IGNOREmonth={Dec},
    IGNOREtype={Theses},
    IGNOREhal_id={tel-00449609},
    IGNOREhal_version={v1},
}

@inproceedings{KTSDGFK2024,
    author={Khuc, Xuan Thanh and Ta, Anh The and Susilo, Willy and Duong, Dung Hoang and Guo, Fuchun and Fukushima, Kazuhide and Kiyomoto, Shinsaku},
    title={{Logarithmic-Size (Linkable) Ring Signatures from Lattice Isomorphism Problems}},
    year={2024},
    editor={Regazzoni, Francesco and Mazumdar, Bodhisatwa and Parameswaran, Sri},
    booktitle={Security, Privacy, and Applied Cryptography Engineering --- SPACE 2023},
    series=LNCS,
    volume={14412},
    pages={214--241},
    publisher=SPR,
    isbn={978-3-031-51583-5},
    doi={10.1007/978-3-031-51583-5_13},
}

@article{Froberg1985,
    author={Fr{\"o}berg, Ralf},
    title={{An inequality for Hilbert series of graded algebras}},
    year={1985},
    journal={Mathematica Scandinavica},
    IGNOREjournal={Math. Scand.},
    volume={56},
    number={2},
    pages={117--144},
    publisher={Mathematica Scandinavica},
}

@article{BardetFaugereSalvySpaenlehauer2013,
    author={Bardet, Magali and Faugère, Jean-Charles and Salvy, Bruno and Spaenlehauer, Pierre-Jean},
    title={{On the complexity of solving quadratic Boolean systems}},
    year={2013},
    journal={Journal of Complexity},
    volume={29},
    number={1},
    pages={53--75},
    publisher=ELS,
    issn={0885-064X},
    doi={10.1016/j.jco.2012.07.001},
}

@inproceedings{Lazard1983,
    author={Lazard, D.},
    title={{Gr{\"o}bner bases, Gaussian elimination and resolution of systems of algebraic equations}},
    year={1983},
    editor={van Hulzen, J. A.},
    booktitle={Computer Algebra},
    series=LNCS,
    volume={162},
    pages={146--156},
    publisher=SPR,
    isbn={978-3-540-38756-5},
    doi={10.1007/3-540-12868-9_99},
}

@article{Sendrier2000SSA,
    author={Sendrier, Nicolas},
    title={{Finding the permutation between equivalent linear codes: the support splitting algorithm}}, 
    year={2000},
    journal=IEEETIT, 
    volume={46},
    number={4},
    pages={1193--1203},
    publisher=IEEE,
    doi={10.1109/18.850662},
}

@article{BardetFaugereSalvy2015F5,
    author={Bardet, Magali and Faug{\`e}re, Jean-Charles and Salvy, Bruno},
    title={{On the complexity of the $F_5$ Gr{\"o}bner basis algorithm}},
    year={2015},
    journal={Journal of Symbolic Computation},
    volume={70},
    pages={49--70},
    publisher=ELS,
    issn={0747-7171},
    doi={10.1016/j.jsc.2014.09.025},
}

@phdthesis{Spaenlehauer2012PhD,
    author={Spaenlehauer, Jean-Pierre},
    title={{R{\'e}solution de Syst{\`e}mes Multi-homog{\`e}nes et D{\'e}terminantiels}},
    year={2012},
    school={Universit{\'e} Pierre et Marie Curie},
}

@article{Leon1982,
    author={Leon, Jeffrey},
    title={{Computing automorphism groups of error-correcting codes}}, 
    year={1982},
    journal=IEEETIT, 
    volume={28},
    number={3},
    pages={496--511},
    publisher=IEEE,
    doi={10.1109/TIT.1982.1056498},
}

@inproceedings{BOST2019,
    author={Bardet, Magali and Otmani, Ayoub and Saeed-Taha, Mohamed},
    title={{Permutation Code Equivalence is Not Harder Than Graph Isomorphism When Hulls Are Trivial}}, 
    year={2019},
    booktitle={2019 IEEE International Symposium on Information Theory (ISIT)}, 
    pages={2464--2468},
    publisher=IEEE,
    doi={10.1109/ISIT.2019.8849855},
}

@article{Sendrier1997,
    author={Sendrier, Nicolas},
    title={{On the Dimension of the Hull}},
    year={1997},
    journal={SIAM Journal on Discrete Mathematics},
    volume={10},
    number={2},
    pages={282--293},
    publisher=SIAM,
    doi={10.1137/S0895480195294027},
}

@book{Berlekamp2015,
    author={Berlekamp, Elwyn},
    title={{Algebraic Coding Theory}},
    year={2015},
    edition={Revised},
    publisher={World Scientific},
}

@book{Watson1960,
    author={Watson, G. L.},
    title={{Integral Quadratic Forms}},
    year={1960},
    series={Cambridge Tracts in Mathematics},
    volume={51},
    publisher=CUP,
}

@article{OpgenorthPleskenSchulz1998,
    author={Opgenorth, J. and Plesken, W. and Schulz, T.},
    title={{Crystallographic Algorithms and Tables}},
    year={1998},
    journal={Acta Crystallographica Section A},
    volume={54},
    number={5},
    pages={517--531},
    doi={10.1107/S010876739701547X},
}

@article{Ishibashi2004,
    author={Ishibashi, Hiroyuki},
    title={{Structure of the orthogonal group $O_n(V)$ over $L$-rings}},
    year={2004},
    journal={Linear Algebra and its Applications},
    volume={390},
    pages={357--368},
    publisher=ELS,
    issn={0024-3795},
    doi={10.1016/j.laa.2004.05.004},
}

@article{CastroBiageZamboninIdalinoPanarioCustodio2024,
    author={de Castro Biage, Gustavo and Zambonin, Gustavo and Idalino, Thaís B. and Panario, Daniel and Custodio, Ricardo},
    title={{A Concrete LIP-Based KEM With Simple Lattices}}, 
    journal={IEEE Access}, 
    year={2024},
    volume={12},
    pages={16408--16420},
    publisher=IEEE,
    doi={10.1109/ACCESS.2024.3358670},
}

@inproceedings{FiekerStehle2010,
    author={Fieker, Claus and Stehl{\'e}, Damien},
    title={{Short Bases of Lattices over Number Fields}},
    year={2010},
    editor={Hanrot, Guillaume and Morain, Fran{\c{c}}ois and Thom{\'e}, Emmanuel},
    booktitle={Algorithmic Number Theory --- ANTS 2010},
    series=LNCS,
    volume={6197},
    pages={157--173},
    publisher=SPR,
    doi={10.1007/978-3-642-14518-6_15},
}

@article{Katz1971,
    author={Katz, Nicholas M.},
    title={{On a Theorem of Ax}},
    year={1971},
    journal=AJM,
    volume={93},
    number={2},
    pages={485--499},
    publisher=JHUP,
    doi={10.2307/2373389},
}

@article{Ax1964,
    author={Ax, James},
    title={{Zeroes of Polynomials Over Finite Fields}},
    year={1964},
    journal=AJM,
    volume={86},
    number={2},
    pages={255--261},
    publisher=JHUP,
    doi={10.2307/2373163},
}

@article{MorenoMoreno1995,
    author={Moreno, Oscar and Moreno, Carlos J.},
    title={{Improvements of the Chevalley-Warning and the Ax-Katz Theorems}},
    year={1995},
    journal=AJM,
    volume={117},
    number={1},
    pages={241--244},
    publisher=JHUP,
    doi={10.2307/2375042},
}

@article{ChevalleyWarning1935,
    author={Chevalley, Herrn and Warning, Ewald},
    title={{Bemerkung zur vorstehenden Arbeit von Herrn Chevalley}},
    year={1935},
    journal={Abhandlungen aus dem Mathematischen Seminar der Universität Hamburg},
    volume={11},
    number={1},
    pages={76--83},
    publisher=SPR,
    doi={10.1007/bf02940715},
}

@book{Shoup2008,
    author={Shoup, Victor},
    title={{A Computational Introduction to Number Theory and Algebra}},
    year={2008},
    editio={2nd},
    publisher=CUP,
}

@book{Artin1957,
    author={Artin, Emil},
    title={{Geometric Algebra}},
    year={1957},
    series={Interscience Tracts in Pure and Applied Mathematics},
    volume={3},
    publisher={Interscience Publishers, Inc.},
}

@book{Cohen1993,
    author={Cohen, Henri},
    title={{A Course in Computional Algebraic Number Theory}},
    year={1993},
    publisher=SPR,
    note={Third, Corrected Printing 1996},
}

@article{Prange1962,
    author={Prange, Eugene},
    title={{The use of information sets in decoding cyclic codes}},
    year={1962},
    journal={IRE Transactions on Information Theory},
    volume={8},
    number={5},
    pages={5--9},
    publisher=IEEE,
    doi={10.1109/TIT.1962.1057777},
}

@article{lattice-estimator,
    author={Albrecht, Martin R. and Player, Rachel and Scott, Sam},
    title={{On the concrete hardness of Learning with Errors}},
    year={2015},
    month={October},
    journal={Journal of Mathematical Cryptology},
    volume={9},
    number={3},
    pages={169--203},
    publisher={Walter de Gruyter GmbH},
    issn={1862--2976},
    doi={10.1515/jmc-2015-0016},
}

@article{Schwartz1980,
    author={Schwartz, Jacob Theodore},
    title={{Fast Probabilistic Algorithms for Verification of Polynomial Identities}},
    year={1980},
    journal=JACM,
    volume={27},
    number={4},
    pages={701--717},
    publisher=ACM,
    address={New York, NY, USA},
    issn={0004-5411},
    doi={10.1145/322217.322225},
}

@inproceedings{Zippel1979,
    author={Zippel, Richard},
    title={{Probabilistic algorithms for sparse polynomials}},
    year={1979},
    editor={Ng, Edward W.},
    booktitle={Symbolic and Algebraic Computation --- EUROSAM 1979},
    series=LNCS,
    volume={72},
    pages={216--226},
    publisher=SPR,
    address={Berlin, Heidelberg},
    isbn={978-3-540-35128-3},
    doi={10.1007/3-540-09519-5_73},
}

@article{Ore1922,
    author={Ore, {\O}ystein},
    title={{{\"U}ber h{\"o}here Kongruenzen}},
    year={1922},
    journal={Norsk Mat. Forenings Skrifter},
    volume={1},
    number={7},
}

@book{Dougherty2017,
    author={Dougherty, Steven T.},
    title={{Algebraic Coding Theory Over Finite Commutative Rings}},
    year={2017},
    series={SpringerBriefs in Mathematics},
    publisher=SPR,
    address={Cham},
    doi={10.1007/978-3-319-59806-2},
}

@book{Washington1982,
    author={Washington, Lawrence C.},
    title={{Introduction to Cyclotomic Fields}},
    year={1982},
    publisher=SPR,
}

@book{Vinogradov1954,
    author={Vinogradov, Ivan Matveevich},
    title={{Elements of Number Theory}},
    translator={Kravetz, Saul},
    year={1954},
    publisher=DOVER,
    note={Translated from the Fifth Revised Edition by Saul Kravetz},
}

@article{Chen2023,
    author={Chen, Hao},
    title={{On the Hull-Variation Problem of Equivalent Linear Codes}},
    year={2023},
    journal=IEEETIT,
    volume={69},
    number={5},
    pages={2911--2922},
    publisher=IEEE,
    doi={10.1109/TIT.2023.3234249},
}

@book{Martinet2003,
    author={Martinet, Jacques},
    title={{Perfect Lattices in Euclidean Spaces}},
    year={2003},
    series=GMW,
    volume={327},
    publisher=SPR,
    isbn={9783662051672},
    issn={0072--7830},
    doi={10.1007/978-3-662-05167-2},
}

@phdthesis{Saeed2017PhD,
    author={Saeed, Mohamed Ahmed},
    title={{Algebraic Approach for Code Equivalence}},
    year={2017},
    school={Normandie Universit{\'e}, University of Khartoum},
    url={https://theses.hal.science/tel-01678829v2},
}

@book{LidlNiederreiter1997,
    author={Lidl, Rudolf and Niederreiter, Harald},
    title={{Finite Fields}},
    year={1997},
    publisher=CUP,
}

@article{Kannan1987,
    author={Kannan, Ravi},
    title={{Minkowski's Convex Body Theorem and Integer Programming}},
    year={1987},
    journal=MOOR,
    volume={12},
    number={3},
    pages={415--440},
    publisher={INFORMS},
}

@article{SIAM:HILL1999,
    author={H{\r a}stad, Johan and Impagliazzo, Russell and Levin, Leonid A. and Luby, Michael},
    title={{A Pseudorandom Generator from any One-way Function}},
    year={1999},
    month=jan,
    journal=SIAMJC,
    volume={28},
    number={4},
    pages={1364--1396},
    publisher=SIAM,
    issn={1095--7111},
    doi={10.1137/s0097539793244708},
}

